<?xml version="1.0" encoding="UTF-8"?><record xmlns="http://www.loc.gov/MARC21/slim" xmlns:cinclude="http://apache.org/cocoon/include/1.0" xmlns:zs="http://www.loc.gov/zing/srw/">
  <leader>00629cz  a2200133n  4500</leader>
  <controlfield tag="001">n 2005173604</controlfield>
  <controlfield tag="003">DLC</controlfield>
  <controlfield tag="005">20050714131909.0</controlfield>
  <controlfield tag="008">050714n| acannaabn          |n aaa      </controlfield>
  <datafield tag="010" ind1=" " ind2=" ">
    <subfield code="a">n 2005173604</subfield>
  </datafield>
  <datafield tag="040" ind1=" " ind2=" ">
    <subfield code="a">DLC</subfield>
    <subfield code="b">eng</subfield>
    <subfield code="c">DLC</subfield>
    <subfield code="d">DLC</subfield>
  </datafield>
  <datafield tag="100" ind1="1" ind2=" ">
    <subfield code="a">Kellogg, Giles Crouch,</subfield>
    <subfield code="d">1733-1793</subfield>
  </datafield>
  <datafield tag="670" ind1=" " ind2=" ">
    <subfield code="a">NUCMC data from Historic Northampton for Promissory note of Gad Alvord to Giles Crouch Kellogg, 1790</subfield>
    <subfield code="b">(Giles Crouch Kellogg; Hadley, Mass.)</subfield>
  </datafield>
  <datafield tag="670" ind1=" " ind2=" ">
    <subfield code="a">New Salem settlers' families WWW, July 14, 2005</subfield>
    <subfield code="b">(Dr. Giles Crouch Kellogg; Hadley, Mass.; 1733-1793; grad. Harvard 1751; b. in New Salem but apprenticed to Dr. Richard Couch in Hadley (uncle))</subfield>
  </datafield>
</record>